<?xml version="1.0" encoding="UTF-8"?><collection xmlns="http://www.loc.gov/MARC21/slim"><record><leader>00455nam--2200133-i-4500</leader><controlfield tag="001">000008564</controlfield><controlfield tag="002">20161230</controlfield><controlfield tag="005">20161230201027</controlfield><controlfield tag="008">060222s1000------------r-----000-0-eng-d</controlfield><datafield ind1=" " ind2=" " tag="080"><subfield code="a">621.396</subfield></datafield><datafield ind1=" " ind2=" " tag="100"><subfield code="a">Catalin, E. Si Sima, M</subfield></datafield><datafield ind1=" " ind2=" " tag="245"><subfield code="a">Echipament de automatizare a comutarii statiei radio de baza pe statii radio de rezerva, la radiofarurile de aerodrom</subfield></datafield><datafield ind1=" " ind2=" " tag="260"><subfield code="a">Bucuresti,L Centrul De Documentare Si Puvlicat Ii Tehjnice, 1967. 33 P</subfield></datafield><datafield ind1=" " ind2=" " tag="852"><subfield code="a">28854</subfield></datafield></record></collection>